<?xml version="1.0"?>
<record xmlns="http://www.loc.gov/MARC21/slim">
  <leader>01819cjm a2200457Ii 4500</leader>
  <controlfield tag="001">a11048347</controlfield>
  <controlfield tag="003">SIRSI</controlfield>
  <controlfield tag="005">20150522003001.0</controlfield>
  <controlfield tag="007">sq zmnznnmznnb</controlfield>
  <controlfield tag="008">150511r19911910txuzznn           n zxx d</controlfield>
  <datafield ind1=" " ind2=" " tag="040">
    <subfield code="a">STF</subfield>
    <subfield code="b">eng</subfield>
    <subfield code="e">rda</subfield>
    <subfield code="c">STF</subfield>
  </datafield>
  <datafield ind1="0" ind2="2" tag="028">
    <subfield code="a">1369</subfield>
    <subfield code="b">Welte-Mignon</subfield>
  </datafield>
  <datafield ind1=" " ind2=" " tag="035">
    <subfield code="a">(OCoLC)NEW</subfield>
  </datafield>
  <datafield ind1=" " ind2=" " tag="049">
    <subfield code="a">STFA</subfield>
  </datafield>
  <datafield ind1="1" ind2=" " tag="100">
    <subfield code="a">Glinka, M. I.</subfield>
    <subfield code="q">(Mikhail Ivanovich),</subfield>
    <subfield code="d">1804-1857,</subfield>
    <subfield code="e">composer.</subfield>
    <subfield code=" ">^A774231</subfield>
  </datafield>
  <datafield ind1="1" ind2="0" tag="240">
    <subfield code="a">Proshchanie s Peterburgom.</subfield>
    <subfield code="p">Zhavoronok</subfield>
    <subfield code=" ">^A774231</subfield>
  </datafield>
  <datafield ind1="1" ind2="2" tag="245">
    <subfield code="a">L'alouette, romance de Glinka /</subfield>
    <subfield code="c">Glinka-Balakirew.</subfield>
  </datafield>
  <datafield ind1=" " ind2="1" tag="264">
    <subfield code="a">Austin, Texas :</subfield>
    <subfield code="b">the Gryphon Company,</subfield>
    <subfield code="c">[1991]</subfield>
  </datafield>
  <datafield ind1=" " ind2="4" tag="264">
    <subfield code="c">&#xA9;1991</subfield>
  </datafield>
  <datafield ind1=" " ind2=" " tag="300">
    <subfield code="a">1 audio roll ;</subfield>
    <subfield code="c">12 1/4 in. x 2 3/4 in.</subfield>
  </datafield>
  <datafield ind1=" " ind2=" " tag="336">
    <subfield code="a">performed music</subfield>
    <subfield code="2">rdacontent</subfield>
  </datafield>
  <datafield ind1=" " ind2=" " tag="337">
    <subfield code="a">audio</subfield>
    <subfield code="2">rdamedia</subfield>
  </datafield>
  <datafield ind1=" " ind2=" " tag="338">
    <subfield code="a">audio roll</subfield>
    <subfield code="2">rdacarrier</subfield>
  </datafield>
  <datafield ind1=" " ind2=" " tag="344">
    <subfield code="a">analog</subfield>
    <subfield code="b">mechanical</subfield>
    <subfield code="c">tempo 90</subfield>
  </datafield>
  <datafield ind1="0" ind2="1" tag="382">
    <subfield code="a">piano</subfield>
    <subfield code="n">1</subfield>
    <subfield code="s">1</subfield>
    <subfield code="2">lcmpt</subfield>
  </datafield>
  <datafield ind1=" " ind2=" " tag="500">
    <subfield code="a">Title from roll.</subfield>
  </datafield>
  <datafield ind1="0" ind2=" " tag="511">
    <subfield code="a">V. Timanoff, piano.</subfield>
  </datafield>
  <datafield ind1=" " ind2=" " tag="500">
    <subfield code="a">Welte-Mignon licensee roll (T-98).</subfield>
  </datafield>
  <datafield ind1=" " ind2=" " tag="500">
    <subfield code="a">Recut. Originally released as a Welte-Mignon red roll, number 1369, issued in 1910.</subfield>
  </datafield>
  <datafield ind1="4" ind2=" " tag="510">
    <subfield code="a">Dangel, Gerhard &amp; Hans-W. Schmitz. Welte-Mignon Klavierrollen, 2006,</subfield>
    <subfield code="c">page 64.</subfield>
  </datafield>
  <datafield ind1=" " ind2="0" tag="650">
    <subfield code="a">Piano music.</subfield>
    <subfield code=" ">^A1049172</subfield>
  </datafield>
  <datafield ind1=" " ind2="0" tag="650">
    <subfield code="a">Player piano rolls.</subfield>
    <subfield code=" ">^A1050086</subfield>
  </datafield>
  <datafield ind1=" " ind2="7" tag="655">
    <subfield code="a">Recut piano rolls.</subfield>
    <subfield code="2">local</subfield>
    <subfield code=" ">UNAUTHORIZED</subfield>
  </datafield>
  <datafield ind1=" " ind2="7" tag="655">
    <subfield code="a">Reproducing piano rolls.</subfield>
    <subfield code="2">local</subfield>
    <subfield code=" ">UNAUTHORIZED</subfield>
  </datafield>
  <datafield ind1=" " ind2="4" tag="690">
    <subfield code="a">Denis Condon Collection of Reproducing Pianos and Rolls.</subfield>
  </datafield>
  <datafield ind1="1" ind2=" " tag="700">
    <subfield code="a">Timanoff, Vera,</subfield>
    <subfield code="d">1855-1924,</subfield>
    <subfield code="e">instrumentalist.</subfield>
    <subfield code=" ">^A3229974</subfield>
  </datafield>
  <datafield ind1="1" ind2=" " tag="700">
    <subfield code="a">Balakirev, Mili&#x12D; Alekseevich,</subfield>
    <subfield code="d">1837-1910,</subfield>
    <subfield code="e">arranger of music.</subfield>
    <subfield code=" ">^A30052</subfield>
  </datafield>
  <datafield ind1="2" ind2=" " tag="710">
    <subfield code="a">Gryphon Company,</subfield>
    <subfield code="e">roll cutter</subfield>
    <subfield code="e">publisher.</subfield>
    <subfield code=" ">UNAUTHORIZED</subfield>
  </datafield>
  <datafield ind1=" " ind2=" " tag="994">
    <subfield code="a">C0</subfield>
    <subfield code="b">STF</subfield>
  </datafield>
  <datafield ind1=" " ind2=" " tag="596">
    <subfield code="a">31</subfield>
  </datafield>
  <datafield ind1=" " ind2=" " tag="999">
    <subfield code="a">CONDON ROLL 452</subfield>
    <subfield code="w">ALPHANUM</subfield>
    <subfield code="c">1</subfield>
    <subfield code="i">36105225784391</subfield>
    <subfield code="l">PAGE-AS</subfield>
    <subfield code="m">SAL3</subfield>
    <subfield code="r">N</subfield>
    <subfield code="s">Y</subfield>
    <subfield code="t">NH-INHOUSE</subfield>
    <subfield code="u">5/14/2015</subfield>
  </datafield>
</record>
